<record><leader>00000cas a2200000 a 4500</leader><controlfield tag="001">12515345</controlfield><controlfield tag="008">850907d18651892moucr ne      0    0eng c</controlfield><datafield ind1=" " ind2=" " tag="010"><subfield code="a">sn 85034155 </subfield></datafield><datafield ind1=" " ind2=" " tag="040"><subfield code="a">NPU</subfield><subfield code="b">eng</subfield><subfield code="c">NPU</subfield><subfield code="d">MQN</subfield><subfield code="d">NVF</subfield><subfield code="d">OCLCQ</subfield><subfield code="d">OCLCF</subfield><subfield code="d">OCLCO</subfield></datafield><datafield ind1="1" ind2=" " tag="029"><subfield code="a">AU@</subfield><subfield code="b">000023331954</subfield></datafield><datafield ind1=" " ind2=" " tag="042"><subfield code="a">pcc</subfield></datafield><datafield ind1=" " ind2=" " tag="043"><subfield code="a">n-us-mo</subfield></datafield><datafield ind1="0" ind2="4" tag="245"><subfield code="a">The Warrensburg standard.</subfield></datafield><datafield ind1=" " ind2=" " tag="260"><subfield code="a">Warrensburg, Mo. :</subfield><subfield code="b">Hall &amp; Klaine,</subfield><subfield code="c">1865-1892.</subfield></datafield><datafield ind1=" " ind2=" " tag="300"><subfield code="a">v.</subfield></datafield><datafield ind1=" " ind2=" " tag="310"><subfield code="a">Semiweekly,</subfield><subfield code="b">Oct. 3, 1891-Dec. 30, 1892</subfield></datafield><datafield ind1=" " ind2=" " tag="321"><subfield code="a">Weekly,</subfield><subfield code="b">June 17, 1865-Sept. 26, 1891</subfield></datafield><datafield ind1="0" ind2=" " tag="362"><subfield code="a">Vol. 1, no. 1 (June 17, 1865)-v. 28, no. 62 (Dec. 30, 1892).</subfield></datafield><datafield ind1=" " ind2=" " tag="580"><subfield code="a">Daily ed.: Daily standard (Warrensburg, Mo.), 1878-1892.</subfield></datafield><datafield ind1=" " ind2="0" tag="651"><subfield code="a">Warrensburg (Mo.)</subfield><subfield code="v">Newspapers.</subfield></datafield><datafield ind1=" " ind2="7" tag="655"><subfield code="a">Newspapers.</subfield><subfield code="2">fast</subfield><subfield code="0">(OCoLC)fst01423814</subfield></datafield><datafield ind1=" " ind2="7" tag="651"><subfield code="a">Missouri</subfield><subfield code="z">Warrensburg.</subfield><subfield code="2">fast</subfield><subfield code="0">(OCoLC)fst01214703</subfield></datafield><datafield ind1=" " ind2=" " tag="752"><subfield code="a">United States</subfield><subfield code="b">Missouri</subfield><subfield code="c">Johnson</subfield><subfield code="d">Warrensburg.</subfield></datafield><datafield ind1="1" ind2=" " tag="775"><subfield code="t">Daily standard (Warrensburg, Mo.)</subfield><subfield code="w">(DLC)sn 90061883</subfield></datafield><datafield ind1="0" ind2="7" tag="785"><subfield code="t">Holden herald</subfield><subfield code="w">(DLC)sn 94055134</subfield></datafield><datafield ind1="0" ind2="7" tag="785"><subfield code="t">Semi-weekly standard-herald</subfield><subfield code="w">(DLC)sn 90061929</subfield></datafield></record>